@book{dorigo2008ant,
  title={Ant Colony Optimization and Swarm Intelligence: 6th International Conference, ANTS 2008, Brussels, Belgium, September 22-24, 2008, Proceedings},
  author={Dorigo, Marco and Birattari, Mauro and Blum, Christian and Clerc, Maurice and St{\"u}tzle, Thomas and Winfield, Alan},
  volume={5217},
  year={2008},
  publisher={Springer}
}

@book{Mitchell1997Machine,
  title={Machine learning.},
  author={Mitchell, Thomas M.},
  year={1997},
}

@article{Rust1987Optimal,
  title={Optimal Replacement of GMC Bus Engines: An Empirical Model of Harold Zurcher},
  author={Rust, John},
  journal={Econometrica},
  volume={55},
  number={5},
  pages={999-1033},
  year={1987},
}

@article{akyildiz2012monaco,
  title={MoNaCo: fundamentals of molecular nano-communication networks},
  author={Akyildiz, Ian F and Fekri, Faramarz and Sivakumar, Raghupathy and Forest, Craig R and Hammer, Brian K},
  journal={IEEE Wireless Commun.},
  volume={19},
  number={5},
  pages={12--18},
  year={2012},
  month={Oct.},
  publisher={IEEE}
}

@article{Chernozhukov2018Double,
  title={Double/debiased machine learning for treatment and structural parameters},
  author={Chernozhukov, Victor and Chetverikov, Denis and Demirer, Mert and Duflo, Esther and Hansen, Christian and Newey, Whitney and Robins, James},
  journal={Cemmap Working Papers},
  year={2018},
}

@article{Folkes2018An,
  title={An artificial neural network approach to the classification of galaxy spectra},
  author={Folkes, S. R. and Lahav, O. and Maddox, S. J.},
  journal={Monthly Notices of the Royal Astronomical Society},
  volume={283},
  number={2},
  pages={651-665},
  year={2018},
}

@article{Xi2018RED,
  title={RED-Net: A Recurrent Encoder–Decoder Network for Video-Based Face Alignment},
  author={Xi, Peng and Rogerio S. Feris and Wang, Xiaoyu and Metaxas, Dimitris N.},
  journal={International Journal of Computer Vision},
  number={2},
  pages={1-17},
  year={2018},
}

@article{李耀华飞机排班航班串编制模型及算法研究,
  title={飞机排班航班串编制模型及算法研究},
  author={李耀华 and 谭娜 and 郝贵和},
  journal={系统仿真学报},
  number={3},
  pages={63-66},
}
